%# -*- coding: utf-8-unix -*-

@book{蔡自兴,
  title = {{多移动机器人协同原理与技术}},
  address = {北京},
  publisher = {国防工业出版社},
  year = {2011},
  author = {蔡自兴},
  language = {chinese}
}

@book{谭民2005多机器人系统,
	title={多机器人系统},
	author={谭民 and 王硕 and 曹志强},
	publisher={清华大学出版社},
	year={2005},
	language = {chinese}
}

@inproceedings{stilwell1993toward,
	title={{Toward the development of a material transport system using swarms of ant-like robots}},
	author={Stilwell, Daniel J and Bay, John S},
	booktitle={Robotics and Automation, 1993. Proceedings., 1993 IEEE International Conference on},
	pages={766--771},
	year={1993},
	publisher={IEEE}
}

@inproceedings{theraulaz1991task,
	title={{Task differentiation in Polistes wasp colonies: a model for self-organizing groups of robots}},
	author={Theraulaz, Guy and Goss, Simon and Gervet, Jacques and Deneubourg, Jean-Louis},
	booktitle={Proceedings of the first international conference on simulation of adaptive behavior on From animals to animats},
	pages={346--355},
	year={1991},
	publisher={MIT Press}
}

@article{reif1999social,
	title={{Social potential fields: A distributed behavioral control for autonomous robots}},
	author={Reif, John H and Wang, Hongyan},
	journal={Robotics and Autonomous Systems},
	volume={27},
	number={3},
	pages={171--194},
	year={1999},
	publisher={Elsevier}
}

@inproceedings{balch2000social,
	title={{Social potentials for scalable multi-robot formations}},
	author={Balch, Tucker and Hybinette, Maria},
	booktitle={Robotics and Automation, 2000. Proceedings. ICRA'00. IEEE International Conference on},
	volume={1},
	pages={73--80},
	year={2000},
	publisher={IEEE}
}

@inproceedings{couceiro2011novel,
	title={{A novel multi-robot exploration approach based on particle swarm optimization algorithms}},
	author={Couceiro, Micael S and Rocha, Rui P and Ferreira, Nuno MF},
	booktitle={2011 IEEE International Symposium on Safety, Security, and Rescue Robotics},
	pages={327--332},
	year={2011},
	publisher={IEEE}
}

@article{duarte2016application,
	title={Application of swarm robotic systems to marine environmental monitoring},
	author={Duarte, Miguel and Gomes, Jorge and Costa, Vasco and Rodrigues, Tiago and Silva, Fernando and Lobo, V{\i}ctor and Marques, M and Oliveira, Sancho Moura and Christensen, Anders Lyhne},
	journal={Proceedings of IEEE/MTS OCEANS. IEEE Press, Piscataway, NJ, 2016c},
	year={2016}
}

@inproceedings{duarte2016hybrid,
	title={Hybrid Control for a Real Swarm Robotics System in an Intruder Detection Task},
	author={Duarte, Miguel and Gomes, Jorge and Costa, Vasco and Oliveira, Sancho Moura and Christensen, Anders Lyhne},
	booktitle={European Conference on the Applications of Evolutionary Computation},
	pages={213--230},
	year={2016},
	publisher={Springer}
}

@inproceedings{yu2015duration,
	title={A duration based behavior analyze approach for swarm robotics system},
	author={Yu, Tian and Yasuda, Toshiyuki and Ohkura, Kazuhiro},
	booktitle={Society of Instrument and Control Engineers of Japan (SICE), 2015 54th Annual Conference of the},
	pages={276--281},
	year={2015},
	publisher={IEEE}
}

@incollection{trianni2015fundamental,
	title={Fundamental collective behaviors in swarm robotics},
	author={Trianni, Vito and Campo, Alexandre},
	booktitle={Springer Handbook of Computational Intelligence},
	pages={1377--1394},
	year={2015},
	publisher={Springer}
}

@inproceedings{shi2012survey,
	title={A survey of swarm robotics system},
	author={Shi, Zhiguo and Tu, Jun and Zhang, Qiao and Liu, Lei and Wei, Junming},
	booktitle={International Conference in Swarm Intelligence},
	pages={564--572},
	year={2012},
	publisher={Springer}
}

@inproceedings{viksnin2016flocking,
	title={Flocking factors' assessment in case of destructive impact on swarm robotic systems},
	author={Viksnin, Ilya I and Drannik, Anastasia L and Iureva, Radda A and Komarov, Igor I},
	booktitle={Open Innovations Association and Seminar on Information Security and Protection of Information Technology (FRUCT-ISPIT), 2016 18th Conference of},
	pages={357--363},
	year={2016},
	publisher={FRUCT}
}

@inproceedings{renoux2015decision,
	title={A decision-theoretic planning approach for multi-robot exploration and event search},
	author={Renoux, Jennifer and Mouaddib, Abdel-Illah and Le Gloannec, Simon},
	booktitle={Intelligent Robots and Systems (IROS), 2015 IEEE/RSJ International Conference on},
	pages={5287--5293},
	year={2015},
	publisher={IEEE}
}

@inproceedings{bagosi2016ontological,
	title={Ontological reasoning for human-robot teaming in search and rescue missions},
	author={Bagosi, Timea and Hindriks, Koen V and Neerincx, Mark A},
	booktitle={2016 11th ACM/IEEE International Conference on Human-Robot Interaction (HRI)},
	pages={595--596},
	year={2016},
	publisher={IEEE}
}

@article{liu2015multirobot,
	title={Multirobot Cooperative Learning for Semiautonomous Control in Urban Search and Rescue Applications},
	author={Liu, Yugang and Nejat, Goldie},
	journal={Journal of Field Robotics},
	year={2015},
	publisher={Wiley Online Library}
}

@article{lee2016information,
	title={Information Fusion Approach Using Characteristic Linear Systems in Multi-Robot Search and Rescue Task},
	author={Lee, Pei-Ju and Zadorozhny, Vladimir},
	year={2016},
	publisher={University of Pittsburgh}
}

@article{wang2008machine,
	title={A machine-learning approach to multi-robot coordination},
	author={Wang, Ying and de Silva, Clarence W},
	journal={Engineering Applications of Artificial Intelligence},
	volume={21},
	number={3},
	pages={470--484},
	year={2008},
	publisher={Elsevier}
}

@inproceedings{cheng2016research,
	title={Research on multi-robot collaborative transportation control system},
	author={Cheng, Cheng and Yu, Xin-Yi and Ou, Lin-Lin and Guo, Yong-Kui},
	booktitle={Control and Decision Conference (CCDC), 2016 Chinese},
	pages={4886--4891},
	year={2016},
	publisher={IEEE}
}

@inproceedings{fyler2015distributed,
	title={Distributed object manipulation using a mobile multi-agent system},
	author={Fyler, Dylan and Sullivan, Benjamin and Raptis, Ioannis A},
	booktitle={2015 IEEE International Conference on Technologies for Practical Robot Applications (TePRA)},
	pages={1--6},
	year={2015},
	publisher={IEEE}
}

@phdthesis{柳林2006多机器人系统任务分配及编队控制研究,
	title={多机器人系统任务分配及编队控制研究},
	author={柳林},
	school={国防科学技术大学},
	year={2006},
	language = {chinese}
}

@article{abed2015multi,
	title={A multi-agent cooperative reinforcement learning model using a hierarchy of consultants, tutors and workers},
	author={Abed-alguni, Bilal H and Chalup, Stephan K and Henskens, Frans A and Paul, David J},
	journal={Vietnam Journal of Computer Science},
	volume={2},
	number={4},
	pages={213--226},
	year={2015},
	publisher={Springer}
}

@inproceedings{benavides2016multi,
	title={Multi-robot Cooperative Systems for Exploration: Advances in Dealing with Constrained Communication Environments},
	author={Benavides, Facundo and Monz{\'o}n, Pablo and Chanel, Caroline P Carvalho and Gramp{\'\i}n, Eduardo},
	booktitle={Robotics Symposium and IV Brazilian Robotics Symposium (LARS/SBR), 2016 XIII Latin American},
	pages={181--186},
	year={2016},
	publisher={IEEE}
}

@article{alonso2016distributed,
	title={Distributed Multi-Robot Formation Control among Obstacles: A Geometric and Optimization Approach with Consensus},
	author={Alonso-Mora, Javier and Montijano, Eduardo and Schwager, Mac and Rus, Daniela},
	year={2016},
	publisher={Institute of Electrical and Electronics Engineers (IEEE)}
}

@inproceedings{tang2015research,
	title={Research on multi-robot formation controlling method},
	author={Tang, Xiaoqiang and Ji, Yuxiang and Gao, Fei and Zhao, Chenzheng},
	booktitle={IET Conference Proceedings},
	year={2015},
	publisher={The Institution of Engineering \& Technology}
}

@inproceedings{yang2016behavioral,
	title={A behavioral multi-robot formation control approach in obstacle environments},
	author={Yang, Li and Li, Jigong},
	booktitle={Control and Decision Conference (CCDC), 2016 Chinese},
	pages={6767--6771},
	year={2016},
	publisher={IEEE}
}

@article{张飞2010,
	title={{移动机器人编队自修复的切换拓扑控制}},
	author={张飞 and 陈卫东},
	journal={控制理论与应用},
	volume={27},
	number={3},
	pages={289-295},
	year={2010},
	language = {chinese}
}

@inproceedings{corke2004autonomous,
	title={Autonomous deployment and repair of a sensor network using an unmanned aerial vehicle},
	author={Corke, Peter and Hrabar, Stefan and Peterson, Ronald and Rus, Daniela and Saripalli, Srikanth and Sukhatme, Gaurav},
	booktitle={Robotics and Automation, 2004. Proceedings. ICRA'04. 2004 IEEE International Conference on},
	volume={4},
	pages={3602--3608},
	year={2004},
	publisher={IEEE}
}

@article{Auto-holeDetection,
	title={Robot Repair Algorithm for Automatic Hole Detection and Coverage in Wireless Sensor Networks},
	author={TS Lawrence and V Seenivasagam},
	journal={Asian Journal of Information Technology},
	volume={15},
	number={11},
	pages={1655--1662},
	year={2016}
}

@inproceedings{Zhang2006Motion,
	title={Motion Synchronization in Mobile Robot Networks: Robustness},
	author={Zhang, Fei and Chen, Weidong and Xi, Yugeng},
	booktitle={Ieee/rsj International Conference on Intelligent Robots and Systems},
	pages={5570-5575},
	year={2006},
	publisher={IEEE}
}

@article{arbuckle2010self,
	title={Self-assembly and self-repair of arbitrary shapes by a swarm of reactive robots: algorithms and simulations},
	author={Arbuckle, DJ and Requicha, Aristides AG},
	journal={Autonomous Robots},
	volume={28},
	number={2},
	pages={197--211},
	year={2010},
	publisher={Springer}
}

@inproceedings{derbakova2011decentralized,
	title={Decentralized self-repair to maintain connectivity and coverage in networked multi-robot systems},
	author={Derbakova, Anna and Correll, Nikolaus and Rus, Daniela},
	booktitle={Robotics and Automation (ICRA), 2011 IEEE International Conference on},
	pages={3863--3868},
	year={2011},
	publisher={IEEE}
}

@article{abbasi2009movement,
	title={Movement-assisted connectivity restoration in wireless sensor and actor networks},
	author={Abbasi, Ameer A and Younis, Mohamed and Akkaya, Kemal},
	journal={IEEE Transactions on parallel and distributed systems},
	volume={20},
	number={9},
	pages={1366--1379},
	year={2009},
	publisher={IEEE}
}

@article{younis2010localized,
	title={A localized algorithm for restoring internode connectivity in networks of moveable sensors},
	author={Younis, Mohamed and Lee, Sookyoung and Abbasi, Ameer A},
	journal={IEEE Transactions on Computers},
	volume={59},
	number={12},
	pages={1669--1682},
	year={2010},
	publisher={IEEE}
}

@article{xue2004number,
	title={The number of neighbors needed for connectivity of wireless networks},
	author={Xue, Feng and Kumar, Panganamala R},
	journal={Wireless networks},
	volume={10},
	number={2},
	pages={169--181},
	year={2004},
	publisher={Springer}
}

@article{li2003synchronization,
	title={Synchronization and desynchronization of complex dynamical networks: an engineering viewpoint},
	author={Li, Xiang and Chen, Guanrong},
	journal={IEEE Transactions on Circuits and Systems I: Fundamental Theory and Applications},
	volume={50},
	number={11},
	pages={1381--1390},
	year={2003},
	publisher={IEEE}
}

@phdthesis{张飞2008移动机器人覆盖问题的研究,
	title={移动机器人覆盖问题的研究},
	author={张飞},
	school={上海交通大学},
	year={2008},
	language={chinese}
}

@article{SciencePaper,
	title={Robotics. Programmable self-assembly in a thousand-robot swarm.},
	author={Rubenstein, M and Cornejo, A and Nagpal, R},
	journal={Science},
	volume={345},
	number={6198},
	pages={795-9},
	year={2014},
}

@inproceedings{nagpal2003organizing,
	title={Organizing a global coordinate system from local information on an ad hoc sensor network},
	author={Nagpal, Radhika and Shrobe, Howard and Bachrach, Jonathan},
	booktitle={Information Processing in Sensor Networks},
	pages={333--348},
	year={2003},
	publisher={Springer}
}

@article{stoy2006using,
	title={Using cellular automata and gradients to control self-reconfiguration},
	author={Stoy, Kasper},
	journal={Robotics and Autonomous Systems},
	volume={54},
	number={2},
	pages={135--141},
	year={2006},
	publisher={Elsevier}
}

@inproceedings{rubenstein2012kilobot,
	title={Kilobot: A low cost scalable robot system for collective behaviors},
	author={Rubenstein, Michael and Ahler, Christian and Nagpal, Radhika},
	booktitle={Robotics and Automation (ICRA), 2012 IEEE International Conference on},
	pages={3293--3298},
	year={2012},
	publisher={IEEE}
}

@article{meng2011autonomous,
	title={Autonomous self-reconfiguration of modular robots by evolving a hierarchical mechanochemical model},
	author={Meng, Yan and Zhang, Yuyang and Jin, Yaochu},
	journal={IEEE Computational Intelligence Magazine},
	volume={6},
	number={1},
	pages={43--54},
	year={2011},
	publisher={IEEE}
}

@article{terada2008automatic,
	title={Automatic modular assembly system and its distributed control},
	author={Terada, Yuzuru and Murata, Satoshi},
	journal={The International Journal of Robotics Research},
	volume={27},
	number={3-4},
	pages={445--462},
	year={2008},
	publisher={SAGE Publications}
}

@inproceedings{liu2015gradient,
	title={A gradient-based self-healing algorithm for mobile robot formation},
	author={Liu, Zhe and Ju, Jianjun and Chen, Weidong and Fu, Xiangyu and Wang, Hesheng},
	booktitle={Intelligent Robots and Systems (IROS), 2015 IEEE/RSJ International Conference on},
	pages={3395--3400},
	year={2015},
	publisher={IEEE}
}

%%%%%%%%%%%%%%%%%%%%%%%%%%%%%%%%%%%%%%%%%%%%%%%%%%%%%%%%%%%%
